@article{terada2018role,
  title={A role of asymmetry in linear response of globally coupled oscillator systems},
  author={Terada, Yu and Ito, Keigo and Yoneda, Ryosuke and Aoyagi, Toshio and Yamaguchi, Yoshiyuki Y},
  journal={arXiv preprint arXiv:1802.08383},
  year={2018}
}