@misc{吉田春夫1990symplectic,
  title={Symplectic Integrator の保存量 (カオスとその周辺, 研究会報告)},
  author={吉田春夫},
  year={1990},
  publisher={物性研究刊行会},
  howpublished="\url{http://hdl.handle.net/2433/93938}"
}