@article{ott2008low,
  title={Low dimensional behavior of large systems of globally coupled oscillators},
  author={Ott, Edward and Antonsen, Thomas M},
  journal={Chaos: An Interdisciplinary Journal of Nonlinear Science},
  volume={18},
  number={3},
  pages={037113},
  year={2008},
  publisher={AIP}
}

@article{ott2009long,
  title={Long time evolution of phase oscillator systems},
  author={Ott, Edward and Antonsen, Thomas M},
  journal={Chaos: An interdisciplinary journal of nonlinear science},
  volume={19},
  number={2},
  pages={023117},
  year={2009},
  publisher={AIP}
}